<?xml version="1.0" encoding="UTF-8"?>
<record><leader>00000dam^a22002294a^4500</leader><controlfield tag="001">000000123</controlfield><controlfield tag="003">FI-MELINDA</controlfield><controlfield tag="005">20120926111806.0</controlfield><controlfield tag="008">930315s1989^^^^fi^|||||||||||||||||eng||</controlfield><datafield tag="STA" ind1=" " ind2=" "><subfield code="a">DELETED</subfield></datafield><datafield tag="020" ind1=" " ind2=" "><subfield code="a">951-771-925-6 (nid.) :</subfield><subfield code="c">Julk.</subfield></datafield><datafield tag="035" ind1=" " ind2=" "><subfield code="a">(FI-MELINDA)000000123</subfield></datafield><datafield tag="041" ind1="0" ind2=" "><subfield code="a">fin</subfield><subfield code="b">swe</subfield><subfield code="b">eng</subfield></datafield><datafield tag="080" ind1=" " ind2=" "><subfield code="a">60</subfield></datafield><datafield tag="080" ind1=" " ind2=" "><subfield code="a">630</subfield><subfield code="x">(480.1)</subfield></datafield><datafield tag="080" ind1=" " ind2=" "><subfield code="a">911.375</subfield></datafield><datafield tag="080" ind1=" " ind2=" "><subfield code="a">712.25</subfield><subfield code="x">(480.1)</subfield></datafield><datafield tag="080" ind1=" " ind2=" "><subfield code="a">908</subfield><subfield code="x">(480) Helsinki</subfield></datafield><datafield tag="080" ind1=" " ind2=" "><subfield code="a">630.2</subfield><subfield code="x">(091)</subfield><subfield code="x">(480.1)</subfield></datafield><datafield tag="084" ind1=" " ind2=" "><subfield code="a">Ta 85.1(0)</subfield><subfield code="2">z</subfield></datafield><datafield tag="100" ind1="1" ind2=" "><subfield code="a">Lehto, Leevi.</subfield></datafield><datafield tag="245" ind1="1" ind2="3"><subfield code="a">The elämää helsinkiläismetsissä =</subfield><subfield code="b">livet i Helsingforsskogar /</subfield><subfield code="c">Leevi Lehto.</subfield></datafield><datafield tag="260" ind1=" " ind2=" "><subfield code="a">Helsinki :</subfield><subfield code="b">Helsingin kaupunginmuseo,</subfield><subfield code="c">1989.</subfield></datafield><datafield tag="300" ind1=" " ind2=" "><subfield code="a">139 s. :</subfield><subfield code="b">kuv.</subfield></datafield><datafield tag="500" ind1=" " ind2=" "><subfield code="a">huomautus 3</subfield></datafield><datafield tag="520" ind1=" " ind2=" "><subfield code="a">Summary: Management of the city's forest.</subfield></datafield><datafield tag="650" ind1=" " ind2="7"><subfield code="a">metsänhoito</subfield><subfield code="x">kaupungit</subfield><subfield code="z">Helsinki</subfield><subfield code="x">historia</subfield><subfield code="2">ysa</subfield></datafield><datafield tag="650" ind1=" " ind2="7"><subfield code="a">metsänhoito</subfield><subfield code="x">kaupunkimetsät</subfield><subfield code="x">historia</subfield><subfield code="z">Helsinki</subfield><subfield code="2">agrifors</subfield></datafield><datafield tag="653" ind1=" " ind2=" "><subfield code="a">kaupunkikulttuuri</subfield><subfield code="a">metsä</subfield><subfield code="a">luonto</subfield><subfield code="a">Helsinki</subfield></datafield><datafield tag="650" ind1=" " ind2="7"><subfield code="a">metsänhoito</subfield><subfield code="x">kaupunkimetsät</subfield><subfield code="x">historia</subfield><subfield code="z">Helsinki</subfield><subfield code="2">agrofors</subfield></datafield><datafield tag="650" ind1=" " ind2="7"><subfield code="a">hisuoria</subfield><subfield code="z">Suomi</subfield><subfield code="2">ysa</subfield></datafield><datafield tag="740" ind1="0" ind2=" "><subfield code="a">Livet i Helsingforsskogar.</subfield></datafield><datafield tag="850" ind1=" " ind2=" "><subfield code="a">FI-Ta</subfield></datafield><datafield tag="SID" ind1=" " ind2=" "><subfield code="c">1301</subfield><subfield code="b">arsca</subfield></datafield><datafield tag="SID" ind1=" " ind2=" "><subfield code="c">251873</subfield><subfield code="b">helka</subfield></datafield><datafield tag="SID" ind1=" " ind2=" "><subfield code="c">163784</subfield><subfield code="b">joeca</subfield></datafield><datafield tag="OWN" ind1=" " ind2=" "><subfield code="a">PUBLIC</subfield></datafield><datafield tag="CAT" ind1=" " ind2=" "><subfield code="a">ALEPH</subfield><subfield code="b">00</subfield><subfield code="c">20081111</subfield><subfield code="l">FIN01</subfield><subfield code="h">2157</subfield></datafield><datafield tag="CAT" ind1=" " ind2=" "><subfield code="a">ALEPH</subfield><subfield code="b">00</subfield><subfield code="c">20081112</subfield><subfield code="l">FIN01</subfield><subfield code="h">0721</subfield></datafield><datafield tag="CAT" ind1=" " ind2=" "><subfield code="a">ALEPH</subfield><subfield code="b">00</subfield><subfield code="c">20081128</subfield><subfield code="l">FIN01</subfield><subfield code="h">0953</subfield></datafield><datafield tag="CAT" ind1=" " ind2=" "><subfield code="a">ALEPH</subfield><subfield code="b">00</subfield><subfield code="c">20081128</subfield><subfield code="l">FIN01</subfield><subfield code="h">0956</subfield></datafield><datafield tag="CAT" ind1=" " ind2=" "><subfield code="a">ALEPH</subfield><subfield code="b">00</subfield><subfield code="c">20081201</subfield><subfield code="l">FIN01</subfield><subfield code="h">0921</subfield></datafield><datafield tag="CAT" ind1=" " ind2=" "><subfield code="a">ALEPH</subfield><subfield code="b">00</subfield><subfield code="c">20081201</subfield><subfield code="l">FIN01</subfield><subfield code="h">1012</subfield></datafield><datafield tag="CAT" ind1=" " ind2=" "><subfield code="a">ALEPH</subfield><subfield code="b">00</subfield><subfield code="c">20081201</subfield><subfield code="l">FIN01</subfield><subfield code="h">1013</subfield></datafield><datafield tag="CAT" ind1=" " ind2=" "><subfield code="a">ALEPH</subfield><subfield code="b">00</subfield><subfield code="c">20081201</subfield><subfield code="l">FIN01</subfield><subfield code="h">1145</subfield></datafield><datafield tag="CAT" ind1=" " ind2=" "><subfield code="a">ALEPH</subfield><subfield code="b">00</subfield><subfield code="c">20081201</subfield><subfield code="l">FIN01</subfield><subfield code="h">1146</subfield></datafield><datafield tag="CAT" ind1=" " ind2=" "><subfield code="a">ALEPH</subfield><subfield code="b">00</subfield><subfield code="c">20081202</subfield><subfield code="l">FIN01</subfield><subfield code="h">0920</subfield></datafield><datafield tag="CAT" ind1=" " ind2=" "><subfield code="a">ALEPH</subfield><subfield code="b">00</subfield><subfield code="c">20081202</subfield><subfield code="l">FIN01</subfield><subfield code="h">1140</subfield></datafield><datafield tag="CAT" ind1=" " ind2=" "><subfield code="a">ALEPH</subfield><subfield code="b">00</subfield><subfield code="c">20081203</subfield><subfield code="l">FIN01</subfield><subfield code="h">1146</subfield></datafield><datafield tag="CAT" ind1=" " ind2=" "><subfield code="a">ALEPH</subfield><subfield code="b">00</subfield><subfield code="c">20081208</subfield><subfield code="l">FIN01</subfield><subfield code="h">0957</subfield></datafield><datafield tag="CAT" ind1=" " ind2=" "><subfield code="a">ALEPH</subfield><subfield code="b">00</subfield><subfield code="c">20081210</subfield><subfield code="l">FIN01</subfield><subfield code="h">1149</subfield></datafield><datafield tag="CAT" ind1=" " ind2=" "><subfield code="a">ALEPH</subfield><subfield code="b">00</subfield><subfield code="c">20081212</subfield><subfield code="l">FIN01</subfield><subfield code="h">1023</subfield></datafield><datafield tag="CAT" ind1=" " ind2=" "><subfield code="a">ALEPH</subfield><subfield code="b">00</subfield><subfield code="c">20081218</subfield><subfield code="l">FIN01</subfield><subfield code="h">1134</subfield></datafield><datafield tag="CAT" ind1=" " ind2=" "><subfield code="a">ALEPH</subfield><subfield code="b">00</subfield><subfield code="c">20081218</subfield><subfield code="l">FIN01</subfield><subfield code="h">1135</subfield></datafield><datafield tag="CAT" ind1=" " ind2=" "><subfield code="a">ALEPH</subfield><subfield code="b">00</subfield><subfield code="c">20081218</subfield><subfield code="l">FIN01</subfield><subfield code="h">1141</subfield></datafield><datafield tag="CAT" ind1=" " ind2=" "><subfield code="a">ALEPH</subfield><subfield code="b">00</subfield><subfield code="c">20081218</subfield><subfield code="l">FIN01</subfield><subfield code="h">1142</subfield></datafield><datafield tag="CAT" ind1=" " ind2=" "><subfield code="a">ERE</subfield><subfield code="b">30</subfield><subfield code="c">20081218</subfield><subfield code="l">FIN01</subfield><subfield code="h">1502</subfield></datafield><datafield tag="CAT" ind1=" " ind2=" "><subfield code="a">ERE</subfield><subfield code="b">30</subfield><subfield code="c">20081218</subfield><subfield code="l">FIN01</subfield><subfield code="h">1503</subfield></datafield><datafield tag="CAT" ind1=" " ind2=" "><subfield code="a">ERE</subfield><subfield code="b">30</subfield><subfield code="c">20081218</subfield><subfield code="l">FIN01</subfield><subfield code="h">1503</subfield></datafield><datafield tag="CAT" ind1=" " ind2=" "><subfield code="a">ERE</subfield><subfield code="b">30</subfield><subfield code="c">20081218</subfield><subfield code="l">FIN01</subfield><subfield code="h">1507</subfield></datafield><datafield tag="CAT" ind1=" " ind2=" "><subfield code="a">ERE</subfield><subfield code="b">30</subfield><subfield code="c">20081218</subfield><subfield code="l">FIN01</subfield><subfield code="h">1523</subfield></datafield><datafield tag="CAT" ind1=" " ind2=" "><subfield code="a">ERE</subfield><subfield code="b">30</subfield><subfield code="c">20081218</subfield><subfield code="l">FIN01</subfield><subfield code="h">1524</subfield></datafield><datafield tag="CAT" ind1=" " ind2=" "><subfield code="a">ERE</subfield><subfield code="b">30</subfield><subfield code="c">20081218</subfield><subfield code="l">FIN01</subfield><subfield code="h">1525</subfield></datafield><datafield tag="CAT" ind1=" " ind2=" "><subfield code="a">ERE</subfield><subfield code="b">30</subfield><subfield code="c">20081218</subfield><subfield code="l">FIN01</subfield><subfield code="h">1527</subfield></datafield><datafield tag="CAT" ind1=" " ind2=" "><subfield code="a">MASTER</subfield><subfield code="b">99</subfield><subfield code="c">20120926</subfield><subfield code="l">FIN01</subfield><subfield code="h">1117</subfield></datafield><datafield tag="CAT" ind1=" " ind2=" "><subfield code="a">MASTER</subfield><subfield code="b">99</subfield><subfield code="c">20120926</subfield><subfield code="l">FIN01</subfield><subfield code="h">1118</subfield></datafield><datafield tag="440" ind1=" " ind2="0"><subfield code="a">Memoria,</subfield><subfield code="x">0786-3454;</subfield><subfield code="v">3</subfield></datafield><datafield tag="EXT" ind1="S" ind2=" "><subfield code="a">000050092</subfield></datafield><datafield tag="EXT" ind1="V" ind2=" "><subfield code="a">MASTER</subfield><subfield code="b">99</subfield><subfield code="c">20081212</subfield><subfield code="l">USM01</subfield><subfield code="h">1023</subfield></datafield><datafield tag="EXT" ind1="D" ind2="B"><subfield code="a">USM01_Z39</subfield></datafield><datafield tag="LOW" ind1=" " ind2=" "><subfield code="a">HELKA</subfield></datafield><datafield tag="LOW" ind1=" " ind2=" "><subfield code="a">JOECA</subfield></datafield><datafield tag="LOW" ind1=" " ind2=" "><subfield code="a">ARSCA</subfield></datafield><datafield tag="LOW" ind1=" " ind2=" "><subfield code="a">VOLTE</subfield></datafield><datafield tag="LOW" ind1=" " ind2=" "><subfield code="a">VALPU</subfield></datafield><datafield tag="LOW" ind1=" " ind2=" "><subfield code="a">HANNA</subfield></datafield></record>
